<record><leader>00000cas a22000007a 4500</leader><controlfield tag="001">18885825</controlfield><controlfield tag="008">881212d18941900moudn ne      0    0eng d</controlfield><datafield ind1=" " ind2=" " tag="010"><subfield code="a">sn 88068018 </subfield></datafield><datafield ind1=" " ind2=" " tag="040"><subfield code="a">MQN</subfield><subfield code="b">eng</subfield><subfield code="c">MQN</subfield><subfield code="d">OCLCQ</subfield></datafield><datafield ind1=" " ind2=" " tag="042"><subfield code="a">msc</subfield></datafield><datafield ind1="0" ind2=" " tag="130"><subfield code="a">Fulton sun (Fulton, Mo. : Daily)</subfield></datafield><datafield ind1="1" ind2="4" tag="245"><subfield code="a">The Fulton sun.</subfield></datafield><datafield ind1="1" ind2="3" tag="246"><subfield code="a">Sun</subfield></datafield><datafield ind1=" " ind2=" " tag="260"><subfield code="a">Fulton, Mo. :</subfield><subfield code="b">Sun Print. Co.</subfield></datafield><datafield ind1=" " ind2=" " tag="300"><subfield code="a">v.</subfield></datafield><datafield ind1=" " ind2=" " tag="310"><subfield code="a">Daily (except Sun.)</subfield></datafield><datafield ind1="1" ind2=" " tag="362"><subfield code="a">Began in 1894.</subfield></datafield><datafield ind1="0" ind2=" " tag="362"><subfield code="a">-v. 14, no. 32 (July 9, 1900).</subfield></datafield><datafield ind1=" " ind2="4" tag="651"><subfield code="a">Fulton (Mo.)</subfield><subfield code="v">Newspapers.</subfield></datafield><datafield ind1=" " ind2=" " tag="752"><subfield code="a">United States</subfield><subfield code="b">Missouri</subfield><subfield code="c">Callaway</subfield><subfield code="d">Fulton.</subfield></datafield><datafield ind1="0" ind2=" " tag="775"><subfield code="t">Sun (Fulton, Mo. : Semiweekly)</subfield><subfield code="w">(DLC)sn 88068017</subfield></datafield><datafield ind1="0" ind2=" " tag="775"><subfield code="t">Fulton sun (Fulton, Mo. : Semiweekly : 1895)</subfield><subfield code="w">(DLC)sn 88068023</subfield></datafield><datafield ind1="0" ind2="0" tag="780"><subfield code="t">Sun (Fulton, Mo. : Daily)</subfield><subfield code="w">(DLC)sn 88068014</subfield></datafield><datafield ind1="0" ind2="0" tag="785"><subfield code="t">Fulton daily sun</subfield><subfield code="w">(DLC)sn 86063317</subfield></datafield><datafield ind1="1" ind2=" " tag="029"><subfield code="a">AU@</subfield><subfield code="b">000020566649</subfield></datafield></record>